@article{zhu2017unpaired,
  title={Unpaired image-to-image translation using cycle-consistent adversarial networks},
  author={Zhu, Jun-Yan and Park, Taesung and Isola, Phillip and Efros, Alexei A},
  journal={arXiv preprint},
  year={2017}
}
@inproceedings{goodfellow2014generative,
  title={Generative adversarial nets},
  author={Goodfellow, Ian and Pouget-Abadie, Jean and Mirza, Mehdi and Xu, Bing and Warde-Farley, David and Ozair, Sherjil and Courville, Aaron and Bengio, Yoshua},
  booktitle={Advances in neural information processing systems},
  pages={2672--2680},
  year={2014}
}
@inproceedings{Chen2018CartoonGANGA,
  title={CartoonGAN: Generative Adversarial Networks for Photo Cartoonization},
  author={Yang Chen and Yu-Kun Lai and Yong-Jin Liu},
  year={2018}
}
@article{DBLP:journals/corr/IsolaZZE16,
  author    = {Phillip Isola and
               Jun{-}Yan Zhu and
               Tinghui Zhou and
               Alexei A. Efros},
  title     = {Image-to-Image Translation with Conditional Adversarial Networks},
  journal   = {CoRR},
  volume    = {abs/1611.07004},
  year      = {2016},
  url       = {http://arxiv.org/abs/1611.07004},
  archivePrefix = {arXiv},
  eprint    = {1611.07004},
  timestamp = {Mon, 13 Aug 2018 16:49:05 +0200},
  biburl    = {https://dblp.org/rec/bib/journals/corr/IsolaZZE16},
  bibsource = {dblp computer science bibliography, https://dblp.org}
}
@article{DBLP:journals/corr/ReedAYLSL16,
  author    = {Scott E. Reed and
               Zeynep Akata and
               Xinchen Yan and
               Lajanugen Logeswaran and
               Bernt Schiele and
               Honglak Lee},
  title     = {Generative Adversarial Text to Image Synthesis},
  journal   = {CoRR},
  volume    = {abs/1605.05396},
  year      = {2016},
  url       = {http://arxiv.org/abs/1605.05396},
  archivePrefix = {arXiv},
  eprint    = {1605.05396},
  timestamp = {Mon, 13 Aug 2018 16:48:35 +0200},
  biburl    = {https://dblp.org/rec/bib/journals/corr/ReedAYLSL16},
  bibsource = {dblp computer science bibliography, https://dblp.org}
}
@article{DBLP:journals/corr/YehCLHD16,
  author    = {Raymond A. Yeh and
               Chen Chen and
               Teck{-}Yian Lim and
               Mark Hasegawa{-}Johnson and
               Minh N. Do},
  title     = {Semantic Image Inpainting with Perceptual and Contextual Losses},
  journal   = {CoRR},
  volume    = {abs/1607.07539},
  year      = {2016},
  url       = {http://arxiv.org/abs/1607.07539},
  archivePrefix = {arXiv},
  eprint    = {1607.07539},
  timestamp = {Mon, 13 Aug 2018 16:47:09 +0200},
  biburl    = {https://dblp.org/rec/bib/journals/corr/YehCLHD16},
  bibsource = {dblp computer science bibliography, https://dblp.org}
}
@article{DBLP:journals/corr/LedigTHCATTWS16,
  author    = {Christian Ledig and
               Lucas Theis and
               Ferenc Huszar and
               Jose Caballero and
               Andrew P. Aitken and
               Alykhan Tejani and
               Johannes Totz and
               Zehan Wang and
               Wenzhe Shi},
  title     = {Photo-Realistic Single Image Super-Resolution Using a Generative Adversarial
               Network},
  journal   = {CoRR},
  volume    = {abs/1609.04802},
  year      = {2016},
  url       = {http://arxiv.org/abs/1609.04802},
  archivePrefix = {arXiv},
  eprint    = {1609.04802},
  timestamp = {Mon, 13 Aug 2018 16:48:38 +0200},
  biburl    = {https://dblp.org/rec/bib/journals/corr/LedigTHCATTWS16},
  bibsource = {dblp computer science bibliography, https://dblp.org}
}

@article{liao2017visual,
  title={Visual attribute transfer through deep image analogy},
  author={Liao, Jing and Yao, Yuan and Yuan, Lu and Hua, Gang and Kang, Sing Bing},
  journal={arXiv preprint arXiv:1705.01088},
  year={2017}
}