@inproceedings{cyclegan,
  author    = {Jun{-}Yan Zhu and
               Taesung Park and
               Phillip Isola and
               Alexei A. Efros},
  title     = {Unpaired Image-to-Image Translation Using Cycle-Consistent Adversarial
               Networks},
  booktitle = {{IEEE} International Conference on Computer Vision, {ICCV} 2017, Venice,
               Italy, October 22-29, 2017},
  pages     = {2242--2251},
  year      = {2017},
  crossref  = {DBLP:conf/iccv/2017},
  url       = {https://doi.org/10.1109/ICCV.2017.244},
  doi       = {10.1109/ICCV.2017.244},
  timestamp = {Thu, 11 Jan 2018 13:21:37 +0100},
  biburl    = {https://dblp.org/rec/bib/conf/iccv/ZhuPIE17},
  bibsource = {dblp computer science bibliography, https://dblp.org}
}
@inproceedings{pix2pix,
  author    = {Ting{-}Chun Wang and
               Ming{-}Yu Liu and
               Jun{-}Yan Zhu and
               Andrew Tao and
               Jan Kautz and
               Bryan Catanzaro},
  title     = {High-Resolution Image Synthesis and Semantic Manipulation With Conditional
               GANs},
  booktitle = {2018 {IEEE} Conference on Computer Vision and Pattern Recognition,
               {CVPR} 2018, Salt Lake City, UT, USA, June 18-22, 2018},
  pages     = {8798--8807},
  year      = {2018},
  crossref  = {DBLP:conf/cvpr/2018},
  url       = {http://openaccess.thecvf.com/content\_cvpr\_2018/html/Wang\_High-Resolution\_Image\_Synthesis\_CVPR\_2018\_paper.html},
  timestamp = {Tue, 20 Nov 2018 12:25:48 +0100},
  biburl    = {https://dblp.org/rec/bib/conf/cvpr/Wang0ZTKC18},
  bibsource = {dblp computer science bibliography, https://dblp.org}
}
@article{outdoor,
  author    = {Levent Karacan and
               Zeynep Akata and
               Aykut Erdem and
               Erkut Erdem},
  title     = {Learning to Generate Images of Outdoor Scenes from Attributes and
               Semantic Layouts},
  journal   = {CoRR},
  volume    = {abs/1612.00215},
  year      = {2016},
  url       = {http://arxiv.org/abs/1612.00215},
  archivePrefix = {arXiv},
  eprint    = {1612.00215},
  timestamp = {Mon, 13 Aug 2018 16:47:14 +0200},
  biburl    = {https://dblp.org/rec/bib/journals/corr/KaracanAEE16},
  bibsource = {dblp computer science bibliography, https://dblp.org}
}
@inproceedings{sketch-color,
  author    = {Patsorn Sangkloy and
               Jingwan Lu and
               Chen Fang and
               Fisher Yu and
               James Hays},
  title     = {Scribbler: Controlling Deep Image Synthesis with Sketch and Color},
  booktitle = {2017 {IEEE} Conference on Computer Vision and Pattern Recognition,
               {CVPR} 2017, Honolulu, HI, USA, July 21-26, 2017},
  pages     = {6836--6845},
  year      = {2017},
  crossref  = {DBLP:conf/cvpr/2017},
  url       = {https://doi.org/10.1109/CVPR.2017.723},
  doi       = {10.1109/CVPR.2017.723},
  timestamp = {Tue, 14 Nov 2017 17:15:06 +0100},
  biburl    = {https://dblp.org/rec/bib/conf/cvpr/SangkloyLFYH17},
  bibsource = {dblp computer science bibliography, https://dblp.org}
}

@inproceedings{goodfellow2014generative,
  title={Generative adversarial nets},
  author={Goodfellow, Ian and Pouget-Abadie, Jean and Mirza, Mehdi and Xu, Bing and Warde-Farley, David and Ozair, Sherjil and Courville, Aaron and Bengio, Yoshua},
  booktitle={Advances in neural information processing systems},
  pages={2672--2680},
  year={2014}
}
@inproceedings{CCL-64,
  title={Learning dense correspondence via 3d-guided cycle consistency},
  author={Zhou, Tinghui and Krahenbuhl, Philipp and Aubry, Mathieu and Huang, Qixing and Efros, Alexei A},
  booktitle={Proceedings of the IEEE Conference on Computer Vision and Pattern Recognition},
  pages={117--126},
  year={2016}
}

@inproceedings{CCL-14,
  title={Unsupervised monocular depth estimation with left-right consistency},
  author={Godard, Cl{\'e}ment and Mac Aodha, Oisin and Brostow, Gabriel J},
  booktitle={CVPR},
  volume={2},
  pages={7},
  year={2017}
}
@article{DBLP:journals/tci/ZhaoGFK17,
  author    = {Hang Zhao and
               Orazio Gallo and
               Iuri Frosio and
               Jan Kautz},
  title     = {Loss Functions for Image Restoration With Neural Networks},
  journal   = {{IEEE} Trans. Computational Imaging},
  volume    = {3},
  number    = {1},
  pages     = {47--57},
  year      = {2017},
  url       = {https://doi.org/10.1109/TCI.2016.2644865},
  doi       = {10.1109/TCI.2016.2644865},
  timestamp = {Fri, 02 Nov 2018 09:27:18 +0100},
  biburl    = {https://dblp.org/rec/bib/journals/tci/ZhaoGFK17},
  bibsource = {dblp computer science bibliography, https://dblp.org}
}

@inproceedings{DBLP:conf/cvpr/ShrivastavaPTSW17,
  author    = {Ashish Shrivastava and
               Tomas Pfister and
               Oncel Tuzel and
               Joshua Susskind and
               Wenda Wang and
               Russell Webb},
  title     = {Learning from Simulated and Unsupervised Images through Adversarial
               Training},
  booktitle = {2017 {IEEE} Conference on Computer Vision and Pattern Recognition,
               {CVPR} 2017, Honolulu, HI, USA, July 21-26, 2017},
  pages     = {2242--2251},
  year      = {2017},
  crossref  = {DBLP:conf/cvpr/2017},
  url       = {https://doi.org/10.1109/CVPR.2017.241},
  doi       = {10.1109/CVPR.2017.241},
  timestamp = {Tue, 14 Nov 2017 17:15:06 +0100},
  biburl    = {https://dblp.org/rec/bib/conf/cvpr/ShrivastavaPTSW17},
  bibsource = {dblp computer science bibliography, https://dblp.org}
}
@inproceedings{DBLP:conf/iccv/MaoLXLWS17,
  author    = {Xudong Mao and
               Qing Li and
               Haoran Xie and
               Raymond Y. K. Lau and
               Zhen Wang and
               Stephen Paul Smolley},
  title     = {Least Squares Generative Adversarial Networks},
  booktitle = {{IEEE} International Conference on Computer Vision, {ICCV} 2017, Venice,
               Italy, October 22-29, 2017},
  pages     = {2813--2821},
  year      = {2017},
  crossref  = {DBLP:conf/iccv/2017},
  url       = {https://doi.org/10.1109/ICCV.2017.304},
  doi       = {10.1109/ICCV.2017.304},
  timestamp = {Fri, 02 Nov 2018 09:49:35 +0100},
  biburl    = {https://dblp.org/rec/bib/conf/iccv/MaoLXLWS17},
  bibsource = {dblp computer science bibliography, https://dblp.org}
}

@article{SingleGAN,
  author    = {Xiaoming Yu and
               Xing Cai and
               Zhenqiang Ying and
               Thomas H. Li and
               Ge Li},
  title     = {SingleGAN: Image-to-Image Translation by a Single-Generator Network
               using Multiple Generative Adversarial Learning},
  journal   = {CoRR},
  volume    = {abs/1810.04991},
  year      = {2018},
  url       = {http://arxiv.org/abs/1810.04991},
  archivePrefix = {arXiv},
  eprint    = {1810.04991},
  timestamp = {Tue, 30 Oct 2018 20:39:56 +0100},
  biburl    = {https://dblp.org/rec/bib/journals/corr/abs-1810-04991},
  bibsource = {dblp computer science bibliography, https://dblp.org}
}
@article{DBLP:journals/corr/LarssonMS16,
  author    = {Gustav Larsson and
               Michael Maire and
               Gregory Shakhnarovich},
  title     = {Learning Representations for Automatic Colorization},
  journal   = {CoRR},
  volume    = {abs/1603.06668},
  year      = {2016},
  url       = {http://arxiv.org/abs/1603.06668},
  archivePrefix = {arXiv},
  eprint    = {1603.06668},
  timestamp = {Mon, 13 Aug 2018 16:46:43 +0200},
  biburl    = {https://dblp.org/rec/bib/journals/corr/LarssonMS16},
  bibsource = {dblp computer science bibliography, https://dblp.org}
}
@article{DBLP:journals/corr/ZhangIE16,
  author    = {Richard Zhang and
               Phillip Isola and
               Alexei A. Efros},
  title     = {Colorful Image Colorization},
  journal   = {CoRR},
  volume    = {abs/1603.08511},
  year      = {2016},
  url       = {http://arxiv.org/abs/1603.08511},
  archivePrefix = {arXiv},
  eprint    = {1603.08511},
  timestamp = {Mon, 13 Aug 2018 16:46:30 +0200},
  biburl    = {https://dblp.org/rec/bib/journals/corr/ZhangIE16},
  bibsource = {dblp computer science bibliography, https://dblp.org}
}

@article{DBLP:journals/corr/LedigTHCATTWS16,
  author    = {Christian Ledig and
               Lucas Theis and
               Ferenc Huszar and
               Jose Caballero and
               Andrew P. Aitken and
               Alykhan Tejani and
               Johannes Totz and
               Zehan Wang and
               Wenzhe Shi},
  title     = {Photo-Realistic Single Image Super-Resolution Using a Generative Adversarial
               Network},
  journal   = {CoRR},
  volume    = {abs/1609.04802},
  year      = {2016},
  url       = {http://arxiv.org/abs/1609.04802},
  archivePrefix = {arXiv},
  eprint    = {1609.04802},
  timestamp = {Mon, 13 Aug 2018 16:48:38 +0200},
  biburl    = {https://dblp.org/rec/bib/journals/corr/LedigTHCATTWS16},
  bibsource = {dblp computer science bibliography, https://dblp.org}
}
@article{DBLP:journals/corr/LaiHA017,
  author    = {Wei{-}Sheng Lai and
               Jia{-}Bin Huang and
               Narendra Ahuja and
               Ming{-}Hsuan Yang},
  title     = {Deep Laplacian Pyramid Networks for Fast and Accurate Super-Resolution},
  journal   = {CoRR},
  volume    = {abs/1704.03915},
  year      = {2017},
  url       = {http://arxiv.org/abs/1704.03915},
  archivePrefix = {arXiv},
  eprint    = {1704.03915},
  timestamp = {Mon, 13 Aug 2018 16:48:53 +0200},
  biburl    = {https://dblp.org/rec/bib/journals/corr/LaiHA017},
  bibsource = {dblp computer science bibliography, https://dblp.org}
}
@article{DBLP:journals/corr/LiaoYYHK17,
  author    = {Jing Liao and
               Yuan Yao and
               Lu Yuan and
               Gang Hua and
               Sing Bing Kang},
  title     = {Visual Attribute Transfer through Deep Image Analogy},
  journal   = {CoRR},
  volume    = {abs/1705.01088},
  year      = {2017},
  url       = {http://arxiv.org/abs/1705.01088},
  archivePrefix = {arXiv},
  eprint    = {1705.01088},
  timestamp = {Mon, 13 Aug 2018 16:46:34 +0200},
  biburl    = {https://dblp.org/rec/bib/journals/corr/LiaoYYHK17},
  bibsource = {dblp computer science bibliography, https://dblp.org}
}
@article{DBLP:journals/corr/LiW16,
  author    = {Chuan Li and
               Michael Wand},
  title     = {Combining Markov Random Fields and Convolutional Neural Networks for
               Image Synthesis},
  journal   = {CoRR},
  volume    = {abs/1601.04589},
  year      = {2016},
  url       = {http://arxiv.org/abs/1601.04589},
  archivePrefix = {arXiv},
  eprint    = {1601.04589},
  timestamp = {Mon, 13 Aug 2018 16:46:49 +0200},
  biburl    = {https://dblp.org/rec/bib/journals/corr/LiW16},
  bibsource = {dblp computer science bibliography, https://dblp.org}
}
@article{DBLP:journals/corr/GatysEB15a,
  author    = {Leon A. Gatys and
               Alexander S. Ecker and
               Matthias Bethge},
  title     = {A Neural Algorithm of Artistic Style},
  journal   = {CoRR},
  volume    = {abs/1508.06576},
  year      = {2015},
  url       = {http://arxiv.org/abs/1508.06576},
  archivePrefix = {arXiv},
  eprint    = {1508.06576},
  timestamp = {Mon, 13 Aug 2018 16:48:03 +0200},
  biburl    = {https://dblp.org/rec/bib/journals/corr/GatysEB15a},
  bibsource = {dblp computer science bibliography, https://dblp.org}
}
@article{DBLP:journals/corr/DentonCSF15,
  author    = {Emily L. Denton and
               Soumith Chintala and
               Arthur Szlam and
               Robert Fergus},
  title     = {Deep Generative Image Models using a Laplacian Pyramid of Adversarial
               Networks},
  journal   = {CoRR},
  volume    = {abs/1506.05751},
  year      = {2015},
  url       = {http://arxiv.org/abs/1506.05751},
  archivePrefix = {arXiv},
  eprint    = {1506.05751},
  timestamp = {Mon, 13 Aug 2018 16:47:34 +0200},
  biburl    = {https://dblp.org/rec/bib/journals/corr/DentonCSF15},
  bibsource = {dblp computer science bibliography, https://dblp.org}
}
@article{DBLP:journals/corr/RadfordMC15,
  author    = {Alec Radford and
               Luke Metz and
               Soumith Chintala},
  title     = {Unsupervised Representation Learning with Deep Convolutional Generative
               Adversarial Networks},
  journal   = {CoRR},
  volume    = {abs/1511.06434},
  year      = {2015},
  url       = {http://arxiv.org/abs/1511.06434},
  archivePrefix = {arXiv},
  eprint    = {1511.06434},
  timestamp = {Mon, 13 Aug 2018 16:46:28 +0200},
  biburl    = {https://dblp.org/rec/bib/journals/corr/RadfordMC15},
  bibsource = {dblp computer science bibliography, https://dblp.org}
}
@article{DBLP:journals/corr/ZhuKSE16,
  author    = {Jun{-}Yan Zhu and
               Philipp Kr{\"{a}}henb{\"{u}}hl and
               Eli Shechtman and
               Alexei A. Efros},
  title     = {Generative Visual Manipulation on the Natural Image Manifold},
  journal   = {CoRR},
  volume    = {abs/1609.03552},
  year      = {2016},
  url       = {http://arxiv.org/abs/1609.03552},
  archivePrefix = {arXiv},
  eprint    = {1609.03552},
  timestamp = {Mon, 13 Aug 2018 16:47:56 +0200},
  biburl    = {https://dblp.org/rec/bib/journals/corr/ZhuKSE16},
  bibsource = {dblp computer science bibliography, https://dblp.org}
}
@article{DBLP:journals/corr/ZhangXLZHWM16,
  author    = {Han Zhang and
               Tao Xu and
               Hongsheng Li and
               Shaoting Zhang and
               Xiaolei Huang and
               Xiaogang Wang and
               Dimitris N. Metaxas},
  title     = {StackGAN: Text to Photo-realistic Image Synthesis with Stacked Generative
               Adversarial Networks},
  journal   = {CoRR},
  volume    = {abs/1612.03242},
  year      = {2016},
  url       = {http://arxiv.org/abs/1612.03242},
  archivePrefix = {arXiv},
  eprint    = {1612.03242},
  timestamp = {Mon, 13 Aug 2018 16:47:11 +0200},
  biburl    = {https://dblp.org/rec/bib/journals/corr/ZhangXLZHWM16},
  bibsource = {dblp computer science bibliography, https://dblp.org}
}
@article{DBLP:journals/corr/PathakKDDE16,
  author    = {Deepak Pathak and
               Philipp Kr{\"{a}}henb{\"{u}}hl and
               Jeff Donahue and
               Trevor Darrell and
               Alexei A. Efros},
  title     = {Context Encoders: Feature Learning by Inpainting},
  journal   = {CoRR},
  volume    = {abs/1604.07379},
  year      = {2016},
  url       = {http://arxiv.org/abs/1604.07379},
  archivePrefix = {arXiv},
  eprint    = {1604.07379},
  timestamp = {Mon, 13 Aug 2018 16:48:54 +0200},
  biburl    = {https://dblp.org/rec/bib/journals/corr/PathakKDDE16},
  bibsource = {dblp computer science bibliography, https://dblp.org}
}
@inproceedings{chen2016infogan,
  title={Infogan: Interpretable representation learning by information maximizing generative adversarial nets},
  author={Chen, Xi and Duan, Yan and Houthooft, Rein and Schulman, John and Sutskever, Ilya and Abbeel, Pieter},
  booktitle={Advances in neural information processing systems},
  pages={2172--2180},
  year={2016}
}
@inproceedings{cartoonGAN,
  author    = {Yang Chen and
               Yu{-}Kun Lai and
               Yong{-}Jin Liu},
  title     = {CartoonGAN: Generative Adversarial Networks for Photo Cartoonization},
  booktitle = {2018 {IEEE} Conference on Computer Vision and Pattern Recognition,
               {CVPR} 2018, Salt Lake City, UT, USA, June 18-22, 2018},
  pages     = {9465--9474},
  year      = {2018},
  crossref  = {DBLP:conf/cvpr/2018},
  url       = {http://openaccess.thecvf.com/content\_cvpr\_2018/html/Chen\_CartoonGAN\_Generative\_Adversarial\_CVPR\_2018\_paper.html},
  timestamp = {Tue, 20 Nov 2018 12:25:48 +0100},
  biburl    = {https://dblp.org/rec/bib/conf/cvpr/ChenLL18},
  bibsource = {dblp computer science bibliography, https://dblp.org}
}
@article{DBLP:journals/corr/YiZTG17,
  author    = {Zili Yi and
               Hao Zhang and
               Ping Tan and
               Minglun Gong},
  title     = {DualGAN: Unsupervised Dual Learning for Image-to-Image Translation},
  journal   = {CoRR},
  volume    = {abs/1704.02510},
  year      = {2017},
  url       = {http://arxiv.org/abs/1704.02510},
  archivePrefix = {arXiv},
  eprint    = {1704.02510},
  timestamp = {Mon, 13 Aug 2018 16:46:07 +0200},
  biburl    = {https://dblp.org/rec/bib/journals/corr/YiZTG17},
  bibsource = {dblp computer science bibliography, https://dblp.org}
}
@article{DBLP:journals/corr/KimCKLK17,
  author    = {Taeksoo Kim and
               Moonsu Cha and
               Hyunsoo Kim and
               Jung Kwon Lee and
               Jiwon Kim},
  title     = {Learning to Discover Cross-Domain Relations with Generative Adversarial
               Networks},
  journal   = {CoRR},
  volume    = {abs/1703.05192},
  year      = {2017},
  url       = {http://arxiv.org/abs/1703.05192},
  archivePrefix = {arXiv},
  eprint    = {1703.05192},
  timestamp = {Mon, 13 Aug 2018 16:46:52 +0200},
  biburl    = {https://dblp.org/rec/bib/journals/corr/KimCKLK17},
  bibsource = {dblp computer science bibliography, https://dblp.org}
}
@article{DBLP:journals/corr/LiuBK17,
  author    = {Ming{-}Yu Liu and
               Thomas Breuel and
               Jan Kautz},
  title     = {Unsupervised Image-to-Image Translation Networks},
  journal   = {CoRR},
  volume    = {abs/1703.00848},
  year      = {2017},
  url       = {http://arxiv.org/abs/1703.00848},
  archivePrefix = {arXiv},
  eprint    = {1703.00848},
  timestamp = {Mon, 13 Aug 2018 16:48:19 +0200},
  biburl    = {https://dblp.org/rec/bib/journals/corr/LiuBK17},
  bibsource = {dblp computer science bibliography, https://dblp.org}
}
@article{DBLP:journals/corr/HeZRS15,
  author    = {Kaiming He and
               Xiangyu Zhang and
               Shaoqing Ren and
               Jian Sun},
  title     = {Deep Residual Learning for Image Recognition},
  journal   = {CoRR},
  volume    = {abs/1512.03385},
  year      = {2015},
  url       = {http://arxiv.org/abs/1512.03385},
  archivePrefix = {arXiv},
  eprint    = {1512.03385},
  timestamp = {Mon, 13 Aug 2018 16:46:56 +0200},
  biburl    = {https://dblp.org/rec/bib/journals/corr/HeZRS15},
  bibsource = {dblp computer science bibliography, https://dblp.org}
}
@article{DBLP:journals/corr/IsolaZZE16,
  author    = {Phillip Isola and
               Jun{-}Yan Zhu and
               Tinghui Zhou and
               Alexei A. Efros},
  title     = {Image-to-Image Translation with Conditional Adversarial Networks},
  journal   = {CoRR},
  volume    = {abs/1611.07004},
  year      = {2016},
  url       = {http://arxiv.org/abs/1611.07004},
  archivePrefix = {arXiv},
  eprint    = {1611.07004},
  timestamp = {Mon, 13 Aug 2018 16:49:05 +0200},
  biburl    = {https://dblp.org/rec/bib/journals/corr/IsolaZZE16},
  bibsource = {dblp computer science bibliography, https://dblp.org}
}
@misc{BibEntry2018Nov,
	title = {{farizrahman4u/seq2seq}},
	journal = {GitHub},
	year = {2018},
	month = {Nov},
	note = {[Online; accessed 27. Nov. 2018]},
	url = {https://github.com/farizrahman4u/seq2seq}
}