@inproceedings{DBLP:conf/nips/GoodfellowPMXWOCB14,
  author    = {Ian J. Goodfellow and
               Jean Pouget{-}Abadie and
               Mehdi Mirza and
               Bing Xu and
               David Warde{-}Farley and
               Sherjil Ozair and
               Aaron C. Courville and
               Yoshua Bengio},
  title     = {Generative Adversarial Nets},
  booktitle = {Advances in Neural Information Processing Systems 27: Annual Conference
               on Neural Information Processing Systems 2014, December 8-13 2014,
               Montreal, Quebec, Canada},
  pages     = {2672--2680},
  year      = {2014},
  url       = {http://papers.nips.cc/paper/5423-generative-adversarial-nets},
  timestamp = {Wed, 10 Dec 2014 21:34:12 +0100},
  biburl    = {https://dblp.org/rec/bib/conf/nips/GoodfellowPMXWOCB14},
  bibsource = {dblp computer science bibliography, https://dblp.org}
}
@inproceedings{DBLP:conf/iccv/MaoLXLWS17,
  author    = {Xudong Mao and
               Qing Li and
               Haoran Xie and
               Raymond Y. K. Lau and
               Zhen Wang and
               Stephen Paul Smolley},
  title     = {Least Squares Generative Adversarial Networks},
  booktitle = {{IEEE} International Conference on Computer Vision, {ICCV} 2017, Venice,
               Italy, October 22-29, 2017},
  pages     = {2813--2821},
  year      = {2017},
  url       = {https://doi.org/10.1109/ICCV.2017.304},
  doi       = {10.1109/ICCV.2017.304},
  timestamp = {Fri, 02 Nov 2018 09:49:35 +0100},
  biburl    = {https://dblp.org/rec/bib/conf/iccv/MaoLXLWS17},
  bibsource = {dblp computer science bibliography, https://dblp.org}
}
@inproceedings{DBLP:conf/icml/KimCKLK17,
  author    = {Taeksoo Kim and
               Moonsu Cha and
               Hyunsoo Kim and
               Jung Kwon Lee and
               Jiwon Kim},
  title     = {Learning to Discover Cross-Domain Relations with Generative Adversarial
               Networks},
  booktitle = {Proceedings of the 34th International Conference on Machine Learning,
               {ICML} 2017, Sydney, NSW, Australia, 6-11 August 2017},
  pages     = {1857--1865},
  year      = {2017},
  url       = {http://proceedings.mlr.press/v70/kim17a.html},
  timestamp = {Wed, 16 Aug 2017 11:08:55 +0200},
  biburl    = {https://dblp.org/rec/bib/conf/icml/KimCKLK17},
  bibsource = {dblp computer science bibliography, https://dblp.org}
}
@article{DBLP:journals/corr/abs-1802-05957,
  author    = {Takeru Miyato and
               Toshiki Kataoka and
               Masanori Koyama and
               Yuichi Yoshida},
  title     = {Spectral Normalization for Generative Adversarial Networks},
  journal   = {CoRR},
  volume    = {abs/1802.05957},
  year      = {2018},
  url       = {http://arxiv.org/abs/1802.05957},
  archivePrefix = {arXiv},
  eprint    = {1802.05957},
  timestamp = {Mon, 13 Aug 2018 16:48:15 +0200},
  biburl    = {https://dblp.org/rec/bib/journals/corr/abs-1802-05957},
  bibsource = {dblp computer science bibliography, https://dblp.org}
}
@misc{lion_king_1,
	title = {{The Lion King (1994)}},
	journal = {IMDb},
	year = {2018},
	month = {Dec},
	note = {[Online; accessed 18. Dec. 2018]},
	url = {https://www.imdb.com/title/tt0110357}
}
@misc{lion_king2,
	title = {{The Lion King (2019)}},
	journal = {IMDb},
	year = {2018},
	month = {Dec},
	note = {[Online; accessed 18. Dec. 2018]},
	url = {https://www.imdb.com/title/tt6105098}
}

@proceedings{DBLP:conf/cvpr/2017,
  title     = {2017 {IEEE} Conference on Computer Vision and Pattern Recognition,
               {CVPR} 2017, Honolulu, HI, USA, July 21-26, 2017},
  publisher = {{IEEE} Computer Society},
  year      = {2017},
  url       = {http://ieeexplore.ieee.org/xpl/mostRecentIssue.jsp?punumber=8097368},
  isbn      = {978-1-5386-0457-1},
  timestamp = {Tue, 14 Nov 2017 09:55:57 +0100},
  biburl    = {https://dblp.org/rec/bib/conf/cvpr/2017},
  bibsource = {dblp computer science bibliography, https://dblp.org}
}

@inproceedings{DBLP:conf/iccv/ZhuPIE17,
  author    = {Jun{-}Yan Zhu and
               Taesung Park and
               Phillip Isola and
               Alexei A. Efros},
  title     = {Unpaired Image-to-Image Translation Using Cycle-Consistent Adversarial
               Networks},
  booktitle = {{IEEE} International Conference on Computer Vision, {ICCV} 2017, Venice,
               Italy, October 22-29, 2017},
  pages     = {2242--2251},
  year      = {2017},
  url       = {https://doi.org/10.1109/ICCV.2017.244},
  doi       = {10.1109/ICCV.2017.244},
  timestamp = {Thu, 11 Jan 2018 13:21:37 +0100},
  biburl    = {https://dblp.org/rec/bib/conf/iccv/ZhuPIE17},
  bibsource = {dblp computer science bibliography, https://dblp.org}
}

@article{DBLP:journals/corr/LiuBK17,
  author    = {Ming{-}Yu Liu and
               Thomas Breuel and
               Jan Kautz},
  title     = {Unsupervised Image-to-Image Translation Networks},
  journal   = {CoRR},
  volume    = {abs/1703.00848},
  year      = {2017},
  url       = {http://arxiv.org/abs/1703.00848},
  archivePrefix = {arXiv},
  eprint    = {1703.00848},
  timestamp = {Mon, 13 Aug 2018 16:48:19 +0200},
  biburl    = {https://dblp.org/rec/bib/journals/corr/LiuBK17},
  bibsource = {dblp computer science bibliography, https://dblp.org}
}
@article{DBLP:journals/corr/abs-1810-04991,
  author    = {Xiaoming Yu and
               Xing Cai and
               Zhenqiang Ying and
               Thomas H. Li and
               Ge Li},
  title     = {SingleGAN: Image-to-Image Translation by a Single-Generator Network
               using Multiple Generative Adversarial Learning},
  journal   = {CoRR},
  volume    = {abs/1810.04991},
  year      = {2018},
  url       = {http://arxiv.org/abs/1810.04991},
  archivePrefix = {arXiv},
  eprint    = {1810.04991},
  timestamp = {Tue, 30 Oct 2018 20:39:56 +0100},
  biburl    = {https://dblp.org/rec/bib/journals/corr/abs-1810-04991},
  bibsource = {dblp computer science bibliography, https://dblp.org}
}
@article{DBLP:journals/corr/JohnsonAL16,
  author    = {Justin Johnson and
               Alexandre Alahi and
               Fei{-}Fei Li},
  title     = {Perceptual Losses for Real-Time Style Transfer and Super-Resolution},
  journal   = {CoRR},
  volume    = {abs/1603.08155},
  year      = {2016},
  url       = {http://arxiv.org/abs/1603.08155},
  archivePrefix = {arXiv},
  eprint    = {1603.08155},
  timestamp = {Mon, 13 Aug 2018 16:47:09 +0200},
  biburl    = {https://dblp.org/rec/bib/journals/corr/JohnsonAL16},
  bibsource = {dblp computer science bibliography, https://dblp.org}
}
@article{DBLP:journals/corr/HeZRS15,
  author    = {Kaiming He and
               Xiangyu Zhang and
               Shaoqing Ren and
               Jian Sun},
  title     = {Deep Residual Learning for Image Recognition},
  journal   = {CoRR},
  volume    = {abs/1512.03385},
  year      = {2015},
  url       = {http://arxiv.org/abs/1512.03385},
  archivePrefix = {arXiv},
  eprint    = {1512.03385},
  timestamp = {Mon, 13 Aug 2018 16:46:56 +0200},
  biburl    = {https://dblp.org/rec/bib/journals/corr/HeZRS15},
  bibsource = {dblp computer science bibliography, https://dblp.org}
}
@article{DBLP:journals/corr/HeuselRUNKH17,
  author    = {Martin Heusel and
               Hubert Ramsauer and
               Thomas Unterthiner and
               Bernhard Nessler and
               G{\"{u}}nter Klambauer and
               Sepp Hochreiter},
  title     = {GANs Trained by a Two Time-Scale Update Rule Converge to a Nash Equilibrium},
  journal   = {CoRR},
  volume    = {abs/1706.08500},
  year      = {2017},
  url       = {http://arxiv.org/abs/1706.08500},
  archivePrefix = {arXiv},
  eprint    = {1706.08500},
  timestamp = {Mon, 13 Aug 2018 16:48:19 +0200},
  biburl    = {https://dblp.org/rec/bib/journals/corr/HeuselRUNKH17},
  bibsource = {dblp computer science bibliography, https://dblp.org}
}
@article{kingma2013auto,
  title={Auto-encoding variational bayes},
  author={Kingma, Diederik P and Welling, Max},
  journal={arXiv preprint arXiv:1312.6114},
  year={2013}
}
@article{larsen2015autoencoding,
  title={Autoencoding beyond pixels using a learned similarity metric},
  author={Larsen, Anders Boesen Lindbo and S{\o}nderby, S{\o}ren Kaae and Larochelle, Hugo and Winther, Ole},
  journal={arXiv preprint arXiv:1512.09300},
  year={2015}
}
@inproceedings{rezende2014stochastic,
  title={Stochastic backpropagation and variational inference in deep latent gaussian models},
  author={Rezende, Danilo Jimenez and Mohamed, Shakir and Wierstra, Daan},
  booktitle={International Conference on Machine Learning},
  volume={2},
  year={2014}
}
@article{DBLP:journals/corr/ZhangXLZHWM16,
  author    = {Han Zhang and
               Tao Xu and
               Hongsheng Li and
               Shaoting Zhang and
               Xiaolei Huang and
               Xiaogang Wang and
               Dimitris N. Metaxas},
  title     = {StackGAN: Text to Photo-realistic Image Synthesis with Stacked Generative
               Adversarial Networks},
  journal   = {CoRR},
  volume    = {abs/1612.03242},
  year      = {2016},
  url       = {http://arxiv.org/abs/1612.03242},
  archivePrefix = {arXiv},
  eprint    = {1612.03242},
  timestamp = {Mon, 13 Aug 2018 16:47:11 +0200},
  biburl    = {https://dblp.org/rec/bib/journals/corr/ZhangXLZHWM16},
  bibsource = {dblp computer science bibliography, https://dblp.org}
}
@article{DBLP:journals/corr/ReedAYLSL16,
  author    = {Scott E. Reed and
               Zeynep Akata and
               Xinchen Yan and
               Lajanugen Logeswaran and
               Bernt Schiele and
               Honglak Lee},
  title     = {Generative Adversarial Text to Image Synthesis},
  journal   = {CoRR},
  volume    = {abs/1605.05396},
  year      = {2016},
  url       = {http://arxiv.org/abs/1605.05396},
  archivePrefix = {arXiv},
  eprint    = {1605.05396},
  timestamp = {Mon, 13 Aug 2018 16:48:35 +0200},
  biburl    = {https://dblp.org/rec/bib/journals/corr/ReedAYLSL16},
  bibsource = {dblp computer science bibliography, https://dblp.org}
}
@article{DBLP:journals/corr/GulrajaniAADC17,
  author    = {Ishaan Gulrajani and
               Faruk Ahmed and
               Mart{\'{\i}}n Arjovsky and
               Vincent Dumoulin and
               Aaron C. Courville},
  title     = {Improved Training of Wasserstein GANs},
  journal   = {CoRR},
  volume    = {abs/1704.00028},
  year      = {2017},
  url       = {http://arxiv.org/abs/1704.00028},
  archivePrefix = {arXiv},
  eprint    = {1704.00028},
  timestamp = {Mon, 13 Aug 2018 16:47:43 +0200},
  biburl    = {https://dblp.org/rec/bib/journals/corr/GulrajaniAADC17},
  bibsource = {dblp computer science bibliography, https://dblp.org}
}
@article{DBLP:journals/corr/RadfordMC15,
  author    = {Alec Radford and
               Luke Metz and
               Soumith Chintala},
  title     = {Unsupervised Representation Learning with Deep Convolutional Generative
               Adversarial Networks},
  journal   = {CoRR},
  volume    = {abs/1511.06434},
  year      = {2015},
  url       = {http://arxiv.org/abs/1511.06434},
  archivePrefix = {arXiv},
  eprint    = {1511.06434},
  timestamp = {Mon, 13 Aug 2018 16:46:28 +0200},
  biburl    = {https://dblp.org/rec/bib/journals/corr/RadfordMC15},
  bibsource = {dblp computer science bibliography, https://dblp.org}
}
@article{karras2017progressive,
  title={Progressive growing of gans for improved quality, stability, and variation},
  author={Karras, Tero and Aila, Timo and Laine, Samuli and Lehtinen, Jaakko},
  journal={arXiv preprint arXiv:1710.10196},
  year={2017}
}
@article{Arjovsky2017WassersteinG,
  title={Wasserstein GAN},
  author={Mart{\'i}n Arjovsky and Soumith Chintala and L{\'e}on Bottou},
  journal={CoRR},
  year={2017},
  volume={abs/1701.07875}
}
@article{metz2016unrolled,
  title={Unrolled generative adversarial networks},
  author={Metz, Luke and Poole, Ben and Pfau, David and Sohl-Dickstein, Jascha},
  journal={arXiv preprint arXiv:1611.02163},
  year={2016}
}
@article{DBLP:journals/corr/abs-1811-11796,
  author    = {K. M. Arefeen Sultan and
               Labiba Kanij Rupty and
               Nahidul Islam Pranto and
               Sayed Khan Shuvo and
               Mohammad Imrul Jubair},
  title     = {Cartoon-to-real: An Approach to Translate Cartoon to Realistic Images
               using {GAN}},
  journal   = {CoRR},
  volume    = {abs/1811.11796},
  year      = {2018},
  url       = {http://arxiv.org/abs/1811.11796},
  archivePrefix = {arXiv},
  eprint    = {1811.11796},
  timestamp = {Fri, 30 Nov 2018 12:44:28 +0100},
  biburl    = {https://dblp.org/rec/bib/journals/corr/abs-1811-11796},
  bibsource = {dblp computer science bibliography, https://dblp.org}
}
@inproceedings{liu2016coupled,
  title={Coupled generative adversarial networks},
  author={Liu, Ming-Yu and Tuzel, Oncel},
  booktitle={Advances in neural information processing systems},
  pages={469--477},
  year={2016}
}
@inproceedings{yi2017dualgan,
  title={DualGAN: Unsupervised Dual Learning for Image-to-Image Translation.},
  author={Yi, Zili and Hao (Richard) Zhang and Tan, Ping and Gong, Minglun},
  booktitle={ICCV},
  pages={2868--2876},
  year={2017}
}
@inproceedings{he2016dual,
  title={Dual learning for machine translation},
  author={He, Di and Xia, Yingce and Qin, Tao and Wang, Liwei and Yu, Nenghai and Liu, Tie-Yan and Ma, Wei-Ying},
  booktitle={Advances in Neural Information Processing Systems},
  pages={820--828},
  year={2016}
}