@article{aramide-tinubu2018Nov,
	author = {Aramide-Tinubu},
	title = {{{`}The Lion King{'}: Is the Live-Action Film Disney{'}s Most Expensive Movie?}},
	journal = {Cheat Sheet},
	year = {2018},
	month = {Nov},
	publisher = {The Cheat Sheet},
	url = {https://www.cheatsheet.com/entertainment/the-lion-king-is-the-live-action-film-disneys-most-expensive-movie.html}
}
@article{Bacon2019Feb,
	author = {Bacon, Thomas},
	title = {{Lion King{'}s CGI Has Changed In New Trailer: Here's How It's Different}},
	journal = {ScreenRant},
	year = {2019},
	month = {Feb},
	publisher = {Screen Rant},
	url = {https://screenrant.com/lion-king-cgi-changes-trailer-difference}
}
@article{kingma2013auto,
  title={Auto-encoding variational bayes},
  author={Kingma, Diederik P and Welling, Max},
  journal={arXiv preprint arXiv:1312.6114},
  year={2013}
}
@inproceedings{heusel2017gans,
  title={Gans trained by a two time-scale update rule converge to a local nash equilibrium},
  author={Heusel, Martin and Ramsauer, Hubert and Unterthiner, Thomas and Nessler, Bernhard and Hochreiter, Sepp},
  booktitle={Advances in Neural Information Processing Systems},
  pages={6626--6637},
  year={2017}
}
@misc{BibEntry2015Jun,
	title = {{Animation On A Budget - Pixelbox Visual Design}},
	journal = {Pixelbox Visual Design},
	year = {2015},
	month = {Jun},
	note = {[Online; accessed 15. Mar. 2019]},
	url = {http://pixelbox.tv/animation-on-budge}
}
@inproceedings{goodfellow2014generative,
  title={Generative adversarial nets},
  author={Goodfellow, Ian and Pouget-Abadie, Jean and Mirza, Mehdi and Xu, Bing and Warde-Farley, David and Ozair, Sherjil and Courville, Aaron and Bengio, Yoshua},
  booktitle={Advances in neural information processing systems},
  pages={2672--2680},
  year={2014}
}
@inproceedings{yu2018singlegan,    
	title={SingleGAN: Image-to-Image Translation by a Single-Generator Network using Multiple Generative Adversarial Learning},    
	author={Yu, Xiaoming and Cai, Xing and Ying, Zhenqiang and Li, Thomas and Li, Ge},    
	booktitle={Asian Conference on Computer Vision},    
	year={2018}
 }
 @inproceedings{CycleGAN2017,
  title={Unpaired Image-to-Image Translation using Cycle-Consistent Adversarial Networkss},
  author={Zhu, Jun-Yan and Park, Taesung and Isola, Phillip and Efros, Alexei A},
  booktitle={Computer Vision (ICCV), 2017 IEEE International Conference on},
  year={2017}
}
@article{tomei2018art2real,
  title={Art2Real: Unfolding the Reality of Artworks via Semantically-Aware Image-to-Image Translation},
  author={Tomei, Matteo and Cornia, Marcella and Baraldi, Lorenzo and Cucchiara, Rita},
  journal={arXiv preprint arXiv:1811.10666},
  year={2018}
}
@article{mo2018instagan,
  title={InstaGAN: Instance-aware Image-to-Image Translation},
  author={Mo, Sangwoo and Cho, Minsu and Shin, Jinwoo},
  journal={arXiv preprint arXiv:1812.10889},
  year={2018}
}
@inproceedings{DBLP:conf/iccv/MaoLXLWS17,
  author    = {Xudong Mao and
               Qing Li and
               Haoran Xie and
               Raymond Y. K. Lau and
               Zhen Wang and
               Stephen Paul Smolley},
  title     = {Least Squares Generative Adversarial Networks},
  booktitle = {{IEEE} International Conference on Computer Vision, {ICCV} 2017, Venice,
               Italy, October 22-29, 2017},
  pages     = {2813--2821},
  year      = {2017},
  url       = {https://doi.org/10.1109/ICCV.2017.304},
  doi       = {10.1109/ICCV.2017.304},
  timestamp = {Fri, 02 Nov 2018 09:49:35 +0100},
  biburl    = {https://dblp.org/rec/bib/conf/iccv/MaoLXLWS17},
  bibsource = {dblp computer science bibliography, https://dblp.org}
}
@inproceedings{gulrajani2017improved,
  title={Improved training of wasserstein gans},
  author={Gulrajani, Ishaan and Ahmed, Faruk and Arjovsky, Martin and Dumoulin, Vincent and Courville, Aaron C},
  booktitle={Advances in Neural Information Processing Systems},
  pages={5767--5777},
  year={2017}
}
@article{karras2018style,
  title={A style-based generator architecture for generative adversarial networks},
  author={Karras, Tero and Laine, Samuli and Aila, Timo},
  journal={arXiv preprint arXiv:1812.04948},
  year={2018}
}
@article{li2018twin,
  title={Twin-GAN--Unpaired Cross-Domain Image Translation with Weight-Sharing GANs},
  author={Li, Jerry},
  journal={arXiv preprint arXiv:1809.00946},
  year={2018}
}
@inproceedings{isola2017image,
  title={Image-to-image translation with conditional adversarial networks},
  author={Isola, Phillip and Zhu, Jun-Yan and Zhou, Tinghui and Efros, Alexei A},
  booktitle={Proceedings of the IEEE conference on computer vision and pattern recognition},
  pages={1125--1134},
  year={2017}
}
@inproceedings{chen2018cartoongan,
  title={Cartoongan: Generative adversarial networks for photo cartoonization},
  author={Chen, Yang and Lai, Yu-Kun and Liu, Yong-Jin},
  booktitle={Proceedings of the IEEE Conference on Computer Vision and Pattern Recognition},
  pages={9465--9474},
  year={2018}
}
@inproceedings{liu2017unsupervised,
  title={Unsupervised image-to-image translation networks},
  author={Liu, Ming-Yu and Breuel, Thomas and Kautz, Jan},
  booktitle={Advances in Neural Information Processing Systems},
  pages={700--708},
  year={2017}
}
@inproceedings{kim2017learning,
  title={Learning to discover cross-domain relations with generative adversarial networks},
  author={Kim, Taeksoo and Cha, Moonsu and Kim, Hyunsoo and Lee, Jung Kwon and Kim, Jiwon},
  booktitle={Proceedings of the 34th International Conference on Machine Learning-Volume 70},
  pages={1857--1865},
  year={2017},
  organization={JMLR. org}
}